@INBOOK {Kurose:Wireless,
    author    = "James F. Kurose: Keith W. Ross",
    title     = "Computer Networking. A Top-Down Approach",
    chapter   = "6. Wireless and Mobile Networks",
    publisher = "Pearson Education",
    year      = "2013",
    edition   = "sixth"
}

@INBOOK {Stallings:Wireless,
    author    = "William Stallings",
    title     = "Data and Computer Communications",
    chapter   = "17. Wireless LANs",
    publisher = "Pearson Education",
    year      = "2007",
    edition   = "eighth"
}
